<?xml version="1.0" encoding="UTF-8"?><collection xmlns="http://www.loc.gov/MARC21/slim"><record><leader>00514nam--2200205-i-4500</leader><controlfield tag="001">000009929</controlfield><controlfield tag="002">20161230</controlfield><controlfield tag="005">20161230201028</controlfield><controlfield tag="008">060222s1000------------r-----000-0-fre-d</controlfield><datafield ind1=" " ind2=" " tag="040"><subfield code="a">IFIN-HH</subfield></datafield><datafield ind1=" " ind2=" " tag="041"><subfield code="a">fre</subfield></datafield><datafield ind1=" " ind2=" " tag="080"><subfield code="a">535</subfield></datafield><datafield ind1="1" ind2=" " tag="100"><subfield code="a">Rousseau, M</subfield></datafield><datafield ind1="1" ind2="0" tag="245"><subfield code="a">Problemes d optique</subfield><subfield code="c">M. rousseau, j.p. mathieu</subfield></datafield><datafield ind1=" " ind2=" " tag="260"><subfield code="a">Paris</subfield><subfield code="b">Dunod</subfield><subfield code="c">1966</subfield></datafield><datafield ind1=" " ind2=" " tag="300"><subfield code="a">376p</subfield></datafield><datafield ind1=" " ind2=" " tag="490"><subfield code="a">Problemes De Licence Et De Maitrise</subfield><subfield code="v">Vol. 2</subfield></datafield><datafield ind1="1" ind2=" " tag="700"><subfield code="a">Mathieu, J.P</subfield></datafield><datafield ind1=" " ind2=" " tag="852"><subfield code="a">35833</subfield><subfield code="c">535</subfield></datafield><datafield ind1=" " ind2=" " tag="CAT"><subfield code="a">Sys</subfield><subfield code="c">20101028</subfield><subfield code="h">155840</subfield></datafield></record></collection>